%Introduction bibs 
@Electronic{Campi2014,
  Title                    = {Comércio eletrônico alcança 51,3 mi de consumidores no Brasil},
  Author                   = {Campi, Monica},
  Month                    = {12 de Março},
  Note                     = {INFO Online. Acesso em: 13 de junho de 2015},
  Url                      = {http://info.abril.com.br/noticias/mercado/2014/03/comercio-eletronico-alcanca-51-3-mi-de-consumidores-no-brasil.shtml},
  Year                     = {2014}
}



@Electronic{E-Bit2015,
  Title                    = {Webshoppers},
  Author                   = {E-Bit},
  Month                    = {04 de Fevereiro},
  Note                     = {E-Bit. Acesso em: 13 de junho de 2015},
  Url                      = {http://img.ebit.com.br/webshoppers},
  Year                     = {2015},
  Edition                  = {31},
  Pages					= {1--67}
}


@Electronic{DIGiorgi2013,
  Title                    = {O custo do comércio eletrônico},
  Author                   = {DI Giorgi, Fernando},
  Month                    = {01 de Março},
  Note                     = {Ecommercebrasilt. Acesso em: 13 de junho de 2015},
  Url                      = {https://www.ecommercebrasil.com.br/artigos/o-custo-do-comercio-eletronico/},
  Year                     = {2013}
}

@Electronic{Roitman2010,
  Title                    = {Comércio Eletrônico: 6 dicas para quem quer abrir uma loja virtual},
  Author                   = {Roitman, Simone},
  Month                    = {09 de Agosto},
  Note                     = {Plantaoonline. Acesso em: 13 de junho de 2015},
  Url                      = {http://www.plantaoonline.com/2010/08/comercio-eletronico-6-dicas-para-quem-quer-abrir-uma-loja-virtual/},
  Year					 = {2010}
}


@Electronic{Valle2014,
  Title                    = {O que é Plataforma de E-commerce?},
  Author                   = {Valle, Alberto},
  Month                    = {06 de Janeiro},
  Note                     = {Cursodeecommerce. Acesso em: 13 de junho de 2015},
  Url                      = {http://www.cursodeecommerce.com.br/blog/o-que-e-plataforma-de-ecommerce/},
  Year                     = {2014}
}


@Electronic{Hardy2015,
  Title                    = {7 Platforms to Grow Your Ecommerce Startup in 2015},
  Author                   = {Hardy, Tom},
  Month                    = {02 de Março},
  Note                     = {Tech. Acesso em: 13 de junho de 2015},
  Url                      = {http://tech.co/best-ecommerce-platforms-startups-small-businesses-2015-2015-03},
  Year                     = {2015}
}

@Electronic{Guiadeecommerce2014,
  Title                    = {Quanto custa montar uma loja virtual?},
  Author                   = {Guiadeecommerce},
  Month                    = {02 de Agosto},
  Note                     = {Acesso em: 13 de junho de 2015},
  Url                      = {http://guiadeecommerce.com.br/quanto-custa-montar-uma-loja-virtual/},
  Year                     = {2014}
}

@Electronic{Guiadeecommerce2015,
  Title                    = {Logística no e-commerce – Uma etapa que não pode ser negligenciada},
  Author                   = {Guiadeecommerce},
  Month                    = {02 de Março},
  Note                     = {Acesso em: 13 de junho de 2015},
  Url                      = {http://guiadeecommerce.com.br/quanto-custa-montar-uma-loja-virtual/},
  Year                     = {2015}
}

@Electronic{Barbosa2014,
  Title                    = {Hospedagem de sites | ranking das 5 melhores empresas},
  Author                   = {Barbosa, Magno},
  Month                    = {30 de Maio},
  Note                     = {Acesso em: 13 de junho de 2015},
  Url                      = {http://melhor-hospedagem-sites.net/wp/ranking-de-hospedagem-de-sites/hostgator},
  Year                     = {2014}
}

@Electronic{Revistapegn2014,
  Title                    = {5 dicas básicas para abrir um comércio eletrônico},
  Author                   = {Revistapegn},
  Month                    = {18 de Dezembro},
  Note                     = {Acesso em: 13 de junho de 2015},
  Url                      = {http://revistapegn.globo.com/Como-comecar/noticia/2014/12/5-dicas-basicas-para-abrir-um-comercio-eletronico.html},
  Year                     = {2014}
}

@Electronic{Cruz2014,
  Title                    = {Pagamento digital: Como escolher o sistema de pagamento do seu e-commerce},
  Author                   = {Cruz, Anderson},
  Month                    = {25 de Julho},
  Note                     = {Acesso em: 13 de junho de 2015},
  Url                      = {https://www.ecommercebrasil.com.br/artigos/pagamento-digital-como-escolher-o-sistema-de-pagamento-seu-e-commerce/},
  Year                     = {2014}
}

@Electronic{Coelho2010,
  Title                    = {O que compõe os custos logísticos},
  Author                   = {Coelho, L. Callegari},
  Month                    = {07 de Maio},
  Note                     = {Acesso em: 13 de junho de 2015},
  Url                      = {http://www.logisticadescomplicada.com/o-que-compoe-os-custos-logisticos/},
  Year                     = {2010}
}
